Copy the shit out of the ones already here and use \cite{...} where ... is the first parameter (i.e. eeds-compendium).

@misc{eeds-compendium,
        author          =   "Computer Architecture and Design Group",
        title           =   "Lab Exercises in TDT4258 Energy Exercisescient Computer Systems",
        institution     =   "Department of Computer and Information Science, NTNU",
        howpublished    =   "It's learning"
}

@misc{cortex-m3-ref-man,
        author          =   "Energy Micro",
        title           =   "Cortex-M3 Reference Manual",
        howpublished    =   {\url{http://www.silabs.com/Support%20Documents/TechnicalDocs/EFM32-Cortex-M3-RM.pdf}}
}

@misc{efm32gg-ref-man,
        author          =   "Silicon Labs",
        title           =   "EFM32GG Reference Manual",
        howpublished    =   "It's learning"
}

@misc{arm-thumb-quick-ref,
        author          =   "ARM",
        title           =   "ARM Thumb-2 Quick Reference",
        howpublished    =   "It's learning"
}

@misc{efm32-energy-op,
        author          =   "Silicon Labs",
        title           =   "EFM32 Energy Optimization Application Note",
        howpublished    =   "It's learning"
}

@misc{adsr,
        author          =   "Michael Krzyzaniak",
        title           =   "An Audio Synthesis Textbook For Musicians, Digital Artists and Programmers by Mike Krzyzaniak",
        howpublished    =   {\url{http://michaelkrzyzaniak.com/AudioSynthesis/2_Audio_Synthesis/3_Envelopes/5_ADSR/}}
}

@misc{wav,
        author          =   "SapphireSun",
        title           =   "Interpreting WAV Data",
        howpublished    =   {\url{http://stackoverflow.com/a/2227174/3194507/}}
}

@misc{song,
        author          =   "Group 6",
        title           =   "Startup melody",
        howpublished    =   {http://stianj.com/startup_melody.wav}
}